@misc{AAS,
  author       = {{Australian Academy of Science}},
  year         = 2025,
  title        = {Strategic plan},
  organization = {Australian Academy of Science},
  url          = {https://www.science.org.au/about-us/the-academy/strategic-plan}
}

@misc{AAS2035,
  author       = {{Australian Academy of Science}},
  year         = 2025,
  title        = {Australian Science, Australia’s Future: Science 2035},
  organization = {Australian Academy of Science},
  url          = {https://www.science.org.au/supporting-science/australian-science-australias-future-science-2035}
}

@misc{ABS6238,
  author       = {{Australian Bureau of Statistics}},
  year         = {2024},
  title        = {Retirement and Retirement Intentions, Australia},
  organization = {ABS},
  note         = {Table 9.2},
  url          = {https://www.abs.gov.au/statistics/labour/employment-and-unemployment/retirement-and-retirement-intentions-australia/latest-release},
  urldate      = {2024-12-16}
}

@misc{ABSASCED,
  author       = {{Australian Bureau of Statistics}},
  year         = 2001,
  title        = {Broad, Narrow and Detailed Fields},
  organization = {ABS},
  url          = {https://www.abs.gov.au/statistics/classifications/australian-standard-classification-education-asced/2001/field-education-structure-and-definitions/structure/broad-narrow-and-detailed-fields}
}

@misc{ABSCensus,
  author       = {{Australian Bureau of Statistics}},
  year         = 2023,
  title        = {Microdata and TableBuilder: Census of Population and Housing},
  organization = {ABS},
  note         = {(2006, 2011, 2016, 2021).},
  url          = {https://www.abs.gov.au/statistics/microdata-tablebuilder/available-microdata-tablebuilder/census-population-and-housing},
  urldate      = {2025-02-25}
}

@misc{ABSLFFP,
  author       = {{Australian Bureau of Statistics}},
  year         = 2021,
  title        = {Labour force participation flag (LFFP)},
  organization = {ABS},
  url          = {https://www.abs.gov.au/census/guide-census-data/census-dictionary/2021/variables-topic/national-reporting-indicators/labour-force-participation-flag-lffp}
}

@misc{ABSLFSP,
  author       = {{Australian Bureau of Statistics}},
  year         = 2021,
  title        = {Labour force status (LFSP)},
  organization = {ABS},
  url          = {https://www.abs.gov.au/census/guide-census-data/census-dictionary/2021/variables-topic/income-and-work/labour-force-status-lfsp}
}

@misc{ABSQALFP,
  author       = {{Australian Bureau of Statistics}},
  title        = {Non-school qualification: field of study (QALFP)},
  year         = {2021},
  organization = {ABS},
  url          = {https://www.abs.gov.au/census/guide-census-data/census-dictionary/2021/variables-topic/education-and-training/non-school-qualification-field-study-qalfp}
}

@article{Bloom2007,
  title   = {Does age structure forecast economic growth?},
  author  = {Bloom, David E and Canning, David and Fink, Günther and Finlay, Jocelyn E},
  year    = 2007,
  journal = {International Journal of Forecasting},
  volume  = {23},
  issue   = {4},
  pages   = {569--585},
  url     = {http://doi.org/10.1016/j.ijforecast.2007.07.001}
}
@article{Brillinger1986,
  title        = {The natural variability of vital rates and associated
                  statistics},
  author       = {Brillinger, David R},
  journaltitle = {Biometrics},
  volume       = {42},
  pages        = {693--734},
  date         = {1986}
}

@misc{cepar,
  title     = {Tapping into Australia’s ageing workforce: Insights from recent research},
  author    = {Rafal Chomik and Fatima Jamal Khan},
  publisher = {cepar: ARC Centre of Excellence in Population Ageing Research},
  year      = 2021,
  url       = {https://cepar.edu.au/sites/default/files/cepar-research-brief-ageing-workforce-australia.pdf},
  note      = {Accessed on 16 April 2025}
}
@misc{DeptEdu,
  author       = {{Department of Education}},
  title        = {Award Course Completions for All Students by Age Group and Broad Level of Course},
  year         = 2024,
  organization = {Department of Education},
  url          = {https://www.education.gov.au/higher-education-statistics/student-data},
  note         = {Table 5 (2006-2016), Table 14.5 (2017-2023)},
  urldate      = {2024-12-19}
}
@misc{DeptEdu_Private,
  author       = {{Department of Education}},
  title        = {Award Course Completions},
  year         = 2024,
  organization = {Department of Education},
  url          = {https://www.education.gov.au/higher-education-statistics/higher-education-statistics-data},
  note         = {Higher Education Data Request (2006-2023)},
  urldate      = {2025-02-10}
}
@book{fpp3,
  address   = {Melbourne, Australia},
  author    = {Rob J Hyndman and George Athanasopoulos},
  edition   = {3rd ed},
  publisher = {OTexts},
  title     = {Forecasting: principles and practice},
  url       = {https://www.OTexts.org/fpp3},
  year      = 2021
}
@manual{ggplot2,
  author = {Hadley Wickham and Winston Chang and Lionel Henry and Thomas Lin Pedersen and Kohske Takahashi and Claus Wilke and Kara Woo and Hiroaki Yutani and Dewey Dunnington and Teun van den Brand and {Posit, PBC}},
  version   = {v3.5.2},
  title  = {{ggplot2}: Create Elegant Data Visualisations Using the Grammar of Graphics},
  url    = {https://cran.r-project.org/package=ggplot2},
  year   = {2025}
}
@book{ggplotbook,
  address   = {New York, USA},
  author    = {Hadley Wickham},
  isbn      = {978-3-319-24277-4},
  publisher = {Springer-Verlag},
  title     = {{ggplot2}:  Elegant Graphics for Data Analysis},
  url       = {https://ggplot2-book.org/},
  year      = {2016}
}

@article{HB08,
  author  = {Rob J Hyndman and Heather Booth},
  journal = {International J Forecasting},
  number  = {3},
  pages   = {323--342},
  title   = {Stochastic population forecasts using functional data models for mortality, fertility and migration},
  volume  = {24},
  year    = 2008
}

@article{HBY13,
  author      = {Rob J Hyndman and Heather Booth and Farah Yasmeen},
  institution = {Department of Econometrics \& Business Statistics, Monash University},
  journal     = {Demography},
  number      = {1},
  pages       = {261--283},
  title       = {Coherent mortality forecasting: the product-ratio method with functional time series models},
  volume      = {50},
  year        = 2013
}

@article{HM21,
  author  = {Rob J Hyndman and Pablo Montero-Manso},
  title   = {Principles and algorithms for forecasting groups of time series: Locality and globality},
  year    = 2021,
  journal = {International J Forecasting},
  volume  = 37,
  number  = 4,
  pages   = {1632-1653}
}

@online{HMD,
  author       = {{Human Mortality Database}},
  title        = {Human Mortality Database},
  year         = 2024,
  organization = {Max Planck Institute for Demographic Research (Germany), University of California, Berkeley (USA), and French Institute for Demographic Studies (France)},
  url          = {https://www.mortality.org},
  urldate      = {2024-12-18}
}

@article{HU07,
  author  = {Rob J Hyndman and Shahid Ullah},
  journal = {Computational Statistics \& Data Analysis},
  number  = {10},
  pages   = {4942--4956},
  title   = {Robust forecasting of mortality and fertility rates: A functional data approach},
  volume  = {51},
  year    = 2007
}

@article{KPSS,
  title        = {Testing the null hypothesis of stationarity against the
                  alternative of a unit root. How sure are we that economic time
                  series have a unit root?},
  author       = {Kwiatkowski, Denis and Phillips, Peter C B and Schmidt, Peter
                  and Shin, Yongcheol},
  journaltitle = {Journal of Econometrics},
  volume       = {54},
  pages        = {159--178},
  date         = {1992},
  issn         = {0304-4076}
}
@article{LCcomparison,
  author  = {Heather Booth and Rob J Hyndman and Leonie Tickle and Piet {de Jong}},
  journal = {Demographic Research},
  number  = {9},
  pages   = {289--310},
  title   = {{Lee-Carter} mortality forecasting: a multi-country comparison of variants and extensions},
  volume  = {15},
  year    = 2006
}

@book{MRC18,
  address   = {Cambridge, UK},
  author    = {Angus S Macdonald and Stephen J Richards and Iain D Currie},
  publisher = {Cambridge University Press},
  title     = {Modelling Mortality with Actuarial Applications},
  year      = 2018
}
@misc{OECD2019a,
  title     = {{OECD} Employment Outlook 2019: The future of work},
  author    = {{OECD}},
  publisher = {OECD Publishing},
  address   = {Paris},
  year      = {2019},
  url       = {https://www.oecd.org/en/publications/oecd-employment-outlook-2019_9ee00155-en.html},
  urldate   = {2025-04-16}
}

@misc{OECD2019b,
  title     = {Working Better with Age},
  author    = {{OECD}},
  publisher = {OECD Publishing},
  address   = {Paris},
  year      = {2019},
  url       = {https://www.oecd.org/en/publications/working-better-with-age_c4d4f66a-en.html},
  urldate   = {2025-04-16}
}

@misc{PC2013,
  title   = {An ageing Australia: preparing for the future},
  author  = {{Productivity Commission}},
  year    = {2013},
  url     = {https://www.pc.gov.au/research/completed/ageing-australia/ageing-australia-overview.pdf},
  urldate = {2025-04-16},
  address = {Canberra}
}

@article{pension,
  author  = {Rob J Hyndman and Yijun Zeng and Han Lin Shang},
  journal = {Australian \& New Zealand J Statistics},
  number  = 2,
  pages   = {241-256},
  title   = {Forecasting the old-age dependency ratio to determine a sustainable pension age},
  url     = {http://robjhyndman.com/publications/pensionage},
  volume  = 63,
  year    = 2021
}
@manual{R,
  title        = {R: A Language and Environment for Statistical Computing},
  author       = {{R Core Team}},
  organization = {R Foundation for Statistical Computing},
  address      = {Vienna, Austria},
  year         = {2025},
  url          = {https://www.R-project.org/}
}

@manual{Rfable,
  title   = {{fable}: {Forecasting Models for Tidy Time Series}},
  year    = {2024},
  author  = {Mitchell O'Hara-Wild and Rob J Hyndman and Earo Wang and Gabriel Caceres and Christoph Bergmeir and Tim-Gunnar Hensel and Timothy Hyndman},
  url     = {https://fable.tidyverts.org},
  version = {0.4.1}
}

@manual{Rtsibble,
  title   = {{tsibble}: {Tidy Temporal Data Frames and Tools}},
  year    = {2025},
  author  = {Earo Wang and Di Cook and Rob J Hyndman and Mitchell O'Hara-Wild and Tyler Smith and Wil Davis},
  url     = {https://tsibble.tidyverts.org},
  version = {1.1.6}
}
@manual{Rvital,
  title   = {{vital}: {Tidy Analysis Tools for Mortality, Fertility, Migration and
             Population Data}},
  year    = {2025},
  author  = {Rob J Hyndman and Sixian Tang and Miles McBain and Mitchell O'Hara-Wild},
  url     = {https://pkg.robjhyndman.com/vital/},
  version = {2.0.0}
}

@article{SHW04,
  author  = {Len Smith and Rob J Hyndman and Simon N Wood},
  journal = {J Population Research},
  number  = {1},
  pages   = {95--98},
  title   = {Spline interpolation for demographic variables: the monotonicity problem},
  volume  = {21},
  year    = 2004
}

@article{STUPP88,
  author  = {Paul W Stupp},
  journal = {Population Index},
  number  = {2},
  pages   = {209--224},
  title   = {Estimating intercensal age schedules by intracohort interpolation},
  volume  = {54},
  year    = 1988
}


@manual{targets,
  author = {William Michael Landau},
  version   = {v1.11.3},
  title  = {{targets}: Dynamic Function-Oriented `Make'-Like Declarative Pipelines},
  url    = {https://cran.r-project.org/package=targets},
  year   = {2025}
}

@article{targetspaper,
  title   = {The targets R package: a dynamic Make-like function-oriented pipeline toolkit for reproducibility and high-performance computing},
  author  = {William Michael Landau},
  journal = {Journal of Open Source Software},
  year    = {2021},
  volume  = {6},
  number  = {57},
  pages   = {2959},
  url     = {https://doi.org/10.21105/joss.02959}
}

@article{tidyverse,
  title   = {Welcome to the {tidyverse}},
  author  = {Hadley Wickham and Mara Averick and Jennifer Bryan and Winston Chang and Lucy D'Agostino McGowan and Romain François and Garrett Grolemund and Alex Hayes and Lionel Henry and Jim Hester and Max Kuhn and Thomas Lin Pedersen and Evan Miller and Stephan Milton Bache and Kirill Müller and Jeroen Ooms and David Robinson and Dana Paige Seidel and Vitalie Spinu and Kohske Takahashi and Davis Vaughan and Claus Wilke and Kara Woo and Hiroaki Yutani},
  year    = {2019},
  journal = {Journal of Open Source Software},
  volume  = {4},
  number  = {43},
  pages   = {1686},
}
